<?xml version="1.0" encoding="UTF-8"?><collection xmlns="http://www.loc.gov/MARC21/slim"><record><leader>00575nam--2200181-i-4500</leader><controlfield tag="001">000023576</controlfield><controlfield tag="002">20161230</controlfield><controlfield tag="005">20170125143046</controlfield><controlfield tag="008">060222s1000------------r-----000-0-eng-d</controlfield><datafield ind1=" " ind2=" " tag="080"><subfield code="a">51-7:517.9:512</subfield></datafield><datafield ind1=" " ind2=" " tag="100"><subfield code="a">Hirsch, Morris W</subfield></datafield><datafield ind1=" " ind2=" " tag="245"><subfield code="a">Differential equations, dynamical systems and linear algebra</subfield></datafield><datafield ind1=" " ind2=" " tag="260"><subfield code="a">New York</subfield><subfield code="b">Academic Press</subfield><subfield code="c">1974</subfield></datafield><datafield ind1=" " ind2=" " tag="300"><subfield code="a">XI + 358 p</subfield></datafield><datafield ind1=" " ind2=" " tag="490"><subfield code="a">Pure And Applled Mathematics. A Series Of Monographs Textbooks. Editor: Samuel Eilenberg And Hyman Bass</subfield></datafield><datafield ind1=" " ind2=" " tag="700"><subfield code="a">Smale, Stephen</subfield></datafield><datafield ind1=" " ind2=" " tag="852"><subfield code="a">13669</subfield></datafield><datafield ind1=" " ind2=" " tag="CAT"><subfield code="a">SYS</subfield><subfield code="c">20170125</subfield><subfield code="h">143046</subfield></datafield></record></collection>